@misc{ali2023urdu,
  author    = {Hazrat Ali and others},
  title     = {Urdu Character Recognition Dataset},
  year      = {2023},
  note      = {IST Deep Learning Workshop, Comsats University}
}

@book{chollet2018deep,
  author    = {Fran√ßois Chollet},
  title     = {Deep Learning with Python},
  year      = {2018},
  publisher = {Manning Publications}
}

@inproceedings{ioffe2015batch,
  author    = {Sergey Ioffe and Christian Szegedy},
  title     = {Batch Normalization: Accelerating Deep Network Training by Reducing Internal Covariate Shift},
  booktitle = {Proceedings of the 32nd International Conference on Machine Learning},
  year      = {2015}
}

@online{tensorflow2023cnn,
  author    = {{TensorFlow Team}},
  title     = {Convolutional Neural Networks},
  year      = {2023},
  url       = {https://www.tensorflow.org/tutorials/images/cnn}
}

@online{github_reference,
  author    = {VITOFFODJI, Adjimon Jerome},
  title     = {IST Deep Learning Workshop},
  year      = {2025},
  url       = {https://github.com/JeromeVitoff/IST-Deep-Learning-Workshop}
}

@misc{istdlworkshop,
    author = {Abdur Rahman Maud},
    title = {IST Deep Learning Workshop},
    year = {2021},
    howpublished = {\url{https://kaggle.com/competitions/istdlworkshop}},
    note = {Kaggle}
}

